@article{binas2017ddd17,
  title={DDD17: End-to-end DAVIS driving dataset},
  author={Binas, Jonathan and Neil, Daniel and Liu, Shih-Chii and Delbruck, Tobi},
  journal={arXiv preprint arXiv:1711.01458},
  year={2017}
}
@article{shi2015convolutional,
  title={Convolutional LSTM network: A machine learning approach for precipitation nowcasting},
  author={Shi, Xingjian and Chen, Zhourong and Wang, Hao and Yeung, Dit-Yan and Wong, Wai-Kin and Woo, Wang-chun},
  journal={arXiv preprint arXiv:1506.04214},
  year={2015}
}
@misc{Vkt,
    title={YouTube VOS implementation},
    author={Shashanka Venkataramanan},
    year = {2019}

}
@inproceedings{donahue2015long,
  title={Long-term recurrent convolutional networks for visual recognition and description},
  author={Donahue, Jeffrey and Anne Hendricks, Lisa and Guadarrama, Sergio and Rohrbach, Marcus and Venugopalan, Subhashini and Saenko, Kate and Darrell, Trevor},
  booktitle={Proceedings of the IEEE conference on computer vision and pattern recognition},
  pages={2625--2634},
  year={2015}
}
@inproceedings{xu2018youtube,
  title={Youtube-vos: Sequence-to-sequence video object segmentation},
  author={Xu, Ning and Yang, Linjie and Fan, Yuchen and Yang, Jianchao and Yue, Dingcheng and Liang, Yuchen and Price, Brian and Cohen, Scott and Huang, Thomas},
  booktitle={Proceedings of the European Conference on Computer Vision (ECCV)},
  pages={585--601},
  year={2018}
}
@inproceedings{voigtlaender2019feelvos,
  title={Feelvos: Fast end-to-end embedding learning for video object segmentation},
  author={Voigtlaender, Paul and Chai, Yuning and Schroff, Florian and Adam, Hartwig and Leibe, Bastian and Chen, Liang-Chieh},
  booktitle={Proceedings of the IEEE Conference on Computer Vision and Pattern Recognition},
  pages={9481--9490},
  year={2019}
}
@inproceedings{luiten2018premvos,
  title={Premvos: Proposal-generation, refinement and merging for video object segmentation},
  author={Luiten, Jonathon and Voigtlaender, Paul and Leibe, Bastian},
  booktitle={Asian Conference on Computer Vision},
  pages={565--580},
  year={2018},
  organization={Springer}
}
@inproceedings{voigtlaender2017online,
  title={Online adaptation of convolutional neural networks for the 2017 davis challenge on video object segmentation},
  author={Voigtlaender, Paul and Leibe, Bastian},
  booktitle={The 2017 DAVIS Challenge on Video Object Segmentation-CVPR Workshops},
  volume={5},
  number={6},
  year={2017}
}
@inproceedings{chen2018blazingly,
  title={Blazingly fast video object segmentation with pixel-wise metric learning},
  author={Chen, Yuhua and Pont-Tuset, Jordi and Montes, Alberto and Van Gool, Luc},
  booktitle={Proceedings of the IEEE conference on computer vision and pattern recognition},
  pages={1189--1198},
  year={2018}
}
@inproceedings{@inproceedings{caelles2017one,
  title={One-shot video object segmentation},
  author={Caelles, Sergi and Maninis, Kevis-Kokitsi and Pont-Tuset, Jordi and Leal-Taix{\'e}, Laura and Cremers, Daniel and Van Gool, Luc},
  booktitle={Proceedings of the IEEE conference on computer vision and pattern recognition},
  pages={221--230},
  year={2017}
}
@inproceedings{caelles2017one,
  title={One-shot video object segmentation},
  author={Caelles, Sergi and Maninis, Kevis-Kokitsi and Pont-Tuset, Jordi and Leal-Taix{\'e}, Laura and Cremers, Daniel and Van Gool, Luc},
  booktitle={Proceedings of the IEEE conference on computer vision and pattern recognition},
  pages={221--230},
  year={2017}
}
@article{maninis2018video,
  title={Video object segmentation without temporal information},
  author={Maninis, K-K and Caelles, Sergi and Chen, Yuhua and Pont-Tuset, Jordi and Leal-Taix{\'e}, Laura and Cremers, Daniel and Van Gool, Luc},
  journal={IEEE transactions on pattern analysis and machine intelligence},
  volume={41},
  number={6},
  pages={1515--1530},
  year={2018},
  publisher={IEEE}
}

@article{koike2020learning,
  title={Learning Higher Representations from pre-trained Deep Models with Data Augmentation for the COMPARE 2020 Challenge Mask Task},
  author={Koike, Tomoya and Qian, Kun and Schuller, Bj{\"o}rn W and Yamamoto, Yoshiharu},
  journal={Proc. Interspeech 2020},
  pages={2047--2051},
  year={2020}
}
@inproceedings{khoreva2017lucid,
  title={Lucid data dreaming for object tracking},
  author={Khoreva, Anna and Benenson, Rodrigo and Ilg, Eddy and Brox, Thomas and Schiele, Bernt},
  booktitle={The DAVIS Challenge on Video Object Segmentation},
  year={2017}
}
@inproceedings{hu2017maskrnn,
  title={Maskrnn: Instance level video object segmentation},
  author={Hu, Yuan-Ting and Huang, Jia-Bin and Schwing, Alexander},
  booktitle={Advances in neural information processing systems},
  pages={325--334},
  year={2017}
}
@inproceedings{bolme2010visual,
  title={Visual object tracking using adaptive correlation filters},
  author={Bolme, David S and Beveridge, J Ross and Draper, Bruce A and Lui, Yui Man},
  booktitle={2010 IEEE computer society conference on computer vision and pattern recognition},
  pages={2544--2550},
  year={2010},
  organization={IEEE}
}
@inproceedings{long2015fully,
  title={Fully convolutional networks for semantic segmentation},
  author={Long, Jonathan and Shelhamer, Evan and Darrell, Trevor},
  booktitle={Proceedings of the IEEE conference on computer vision and pattern recognition},
  pages={3431--3440},
  year={2015}
}
@inproceedings{bertinetto2016fully,
  title={Fully-convolutional siamese networks for object tracking},
  author={Bertinetto, Luca and Valmadre, Jack and Henriques, Joao F and Vedaldi, Andrea and Torr, Philip HS},
  booktitle={European conference on computer vision},
  pages={850--865},
  year={2016},
  organization={Springer}
}
@article{xu2018youtube,
  title={Youtube-vos: A large-scale video object segmentation benchmark},
  author={Xu, Ning and Yang, Linjie and Fan, Yuchen and Yue, Dingcheng and Liang, Yuchen and Yang, Jianchao and Huang, Thomas},
  journal={arXiv preprint arXiv:1809.03327},
  year={2018}
}
@inproceedings{wang2019fast,
  title={Fast online object tracking and segmentation: A unifying approach},
  author={Wang, Qiang and Zhang, Li and Bertinetto, Luca and Hu, Weiming and Torr, Philip HS},
  booktitle={Proceedings of the IEEE conference on computer vision and pattern recognition},
  pages={1328--1338},
  year={2019}
}
@inproceedings{wang2019zero,
  title={Zero-shot video object segmentation via attentive graph neural networks},
  author={Wang, Wenguan and Lu, Xiankai and Shen, Jianbing and Crandall, David J and Shao, Ling},
  booktitle={Proceedings of the IEEE international conference on computer vision},
  pages={9236--9245},
  year={2019}
}
@InProceedings{Lin_2019_ICCV,
author = {Lin, Huaijia and Qi, Xiaojuan and Jia, Jiaya},
title = {AGSS-VOS: Attention Guided Single-Shot Video Object Segmentation},
booktitle = {Proceedings of the IEEE/CVF International Conference on Computer Vision (ICCV)},
month = {October},
year = {2019}
}
@InProceedings{Luiten_2020_WACV,
author = {Luiten, Jonathon and Zulfikar, Idil Esen and Leibe, Bastian},
title = {UnOVOST: Unsupervised Offline Video Object Segmentation and Tracking},
booktitle = {Proceedings of the IEEE/CVF Winter Conference on Applications of Computer Vision (WACV)},
month = {March},
year = {2020}
}
@inproceedings{he2017mask,
  title={Mask r-cnn},
  author={He, Kaiming and Gkioxari, Georgia and Doll{\'a}r, Piotr and Girshick, Ross},
  booktitle={Proceedings of the IEEE international conference on computer vision},
  pages={2961--2969},
  year={2017}
}
@InProceedings{Xiao_2018_CVPR,
author = {Xiao, Huaxin and Feng, Jiashi and Lin, Guosheng and Liu, Yu and Zhang, Maojun},
title = {MoNet: Deep Motion Exploitation for Video Object Segmentation},
booktitle = {Proceedings of the IEEE Conference on Computer Vision and Pattern Recognition (CVPR)},
month = {June},
year = {2018}
}
@inproceedings{cheng2017segflow,
  title={Segflow: Joint learning for video object segmentation and optical flow},
  author={Cheng, Jingchun and Tsai, Yi-Hsuan and Wang, Shengjin and Yang, Ming-Hsuan},
  booktitle={Proceedings of the IEEE international conference on computer vision},
  pages={686--695},
  year={2017}
}
@article{zhu2020self,
  title={Self-supervised Video Object Segmentation},
  author={Zhu, Fangrui and Zhang, Li and Fu, Yanwei and Guo, Guodong and Xie, Weidi},
  journal={arXiv preprint arXiv:2006.12480},
  year={2020}
}
@InProceedings{Xu_2018_ECCV,
author = {Xu, Ning and Yang, Linjie and Fan, Yuchen and Yang, Jianchao and Yue, Dingcheng and Liang, Yuchen and Price, Brian and Cohen, Scott and Huang, Thomas},
title = {YouTube-VOS: Sequence-to-Sequence Video Object Segmentation},
booktitle = {Proceedings of the European Conference on Computer Vision (ECCV)},
month = {September},
year = {2018}
}
@inproceedings{wang2015saliency,
  title={Saliency-aware geodesic video object segmentation},
  author={Wang, Wenguan and Shen, Jianbing and Porikli, Fatih},
  booktitle={Proceedings of the IEEE conference on computer vision and pattern recognition},
  pages={3395--3402},
  year={2015}
}
@article{fu2013cluster,
  title={Cluster-based co-saliency detection},
  author={Fu, Huazhu and Cao, Xiaochun and Tu, Zhuowen},
  journal={IEEE Transactions on Image Processing},
  volume={22},
  number={10},
  pages={3766--3778},
  year={2013},
  publisher={IEEE}
}
@inproceedings{guo2008spatio,
  title={Spatio-temporal saliency detection using phase spectrum of quaternion fourier transform},
  author={Guo, Chenlei and Ma, Qi and Zhang, Liming},
  booktitle={2008 IEEE Conference on Computer Vision and Pattern Recognition},
  pages={1--8},
  year={2008},
  organization={IEEE}
}
@article{mahadevan2009spatiotemporal,
  title={Spatiotemporal saliency in dynamic scenes},
  author={Mahadevan, Vijay and Vasconcelos, Nuno},
  journal={IEEE transactions on pattern analysis and machine intelligence},
  volume={32},
  number={1},
  pages={171--177},
  year={2009},
  publisher={IEEE}
}
@inproceedings{mathe2012dynamic,
  title={Dynamic eye movement datasets and learnt saliency models for visual action recognition},
  author={Mathe, Stefan and Sminchisescu, Cristian},
  booktitle={European conference on computer vision},
  pages={842--856},
  year={2012},
  organization={Springer}
}
@article{seo2009static,
  title={Static and space-time visual saliency detection by self-resemblance},
  author={Seo, Hae Jong and Milanfar, Peyman},
  journal={Journal of vision},
  volume={9},
  number={12},
  pages={15--15},
  year={2009},
  publisher={The Association for Research in Vision and Ophthalmology}
}